@misc{1,
author = {Sara Tsoodle},
title = {Commercial Construction Product Journey},
institution = {Climate Control Group},
year = {2024},
note = {Internal Company Report}
}

@misc{2,
  author = {{Air-Conditioning, Heating, and Refrigeration Institute (AHRI)}},
  title = {AHRI Statistics},
  howpublished = {\url{https://www.ahrinet.org/analytics/statistics}},
  note = {Accessed: 2023-04-20},
  year = {2024},
  organization = {AHRI}
}

@techreport{3,
author = {Climate Control Group},
title = {Quotation and Order Report},
institution = {Climate Control Group},
year = {2024},
note = {Internal Company Report}
}

@techreport{4,
author = {Herb Woerpel},
title = {HVAC Contractors, Suppliers Examine Two-Step Relationship},
howpublished = {https://www.achrnews.com/articles/153978-hvac-contractors-suppliers-examine-two-step-relationship},
Organization = {The News},
year = {2023},
note = {Internal Company Report}
}

@misc{5,
  author = {{U.S. Census Bureau}},
  title = {Census Regions and Divisions of the United States},
  howpublished = {\url{https://www2.census.gov/geo/pdfs/maps-data/maps/reference/us\_regdiv.pdf}},
  note = {Accessed April 12, 2024},
  year = {2024},
  organization = {U.S. Census Bureau}
}